<?xml version="1.0" encoding="UTF-8"?><collection xmlns="http://www.loc.gov/MARC21/slim"><record><leader>00471nam--2200145-i-4500</leader><controlfield tag="001">000010558</controlfield><controlfield tag="002">20161230</controlfield><controlfield tag="005">20161230201028</controlfield><controlfield tag="008">060222s1000------------r-----000-0-eng-d</controlfield><datafield ind1=" " ind2=" " tag="080"><subfield code="a">015:621.375.826</subfield></datafield><datafield ind1=" " ind2=" " tag="100"><subfield code="a">Barjot, Gererd</subfield></datafield><datafield ind1=" " ind2=" " tag="245"><subfield code="a">Eclairemant et volume d`interaction das les mesures de probalite d`ionisation multiphoto nique par laser. these</subfield></datafield><datafield ind1=" " ind2=" " tag="260"><subfield code="a">Orsay, L`Universite De Paris-sud, Centre D`Or Say, 1972. 117 P + P.Dif</subfield></datafield><datafield ind1=" " ind2=" " tag="490"><subfield code="a">Ser.A</subfield></datafield><datafield ind1=" " ind2=" " tag="852"><subfield code="a">38205</subfield></datafield></record></collection>